% Encoding: UTF-8

@Article{baer_accel,
	author  = {T. Baer and M. Barnes and B. Goddard and E. B. Holzer and M. Jimenez},
	title   = {UFOs in the LHC},
	journal = {Proceedings of IPAC 2011, San Sebastian, Spain, CERN-ATS-2011-276},
	year    = {2011}}

@Article{baer_distributions,
	author  = {T. Baer and M. Barnes and F. Cerutti and A. Ferrari and N. Garrel and B. Goddard and E.B. Holzer},
	title   = {UFOs in the LHC: Observations, Studies and Extrapolations},
	journal = {Proceedings of IPAC 2012, New Orleans, Louisiana, USA, THPPP086},
	year    = {2012}}

@Article{baer_mki,
	author  = {T. Baer and M. Barnes and E. Carlier and F. Cerutti and B. Dehning and L. Ducimetiere},
	title   = {UFOs in the LHC after LS1},
	journal = {Proceedings of Chamonix 2012 workshop on LHC Performance},
	year    = {2012}}

@Article{baglin,
	author  = {V. Baglin and G. Bregliozzi and J.M. Jimenez and G. Lanza},
	title   = {Synchrotron Radiation in the LHC Vacuum System},
	journal = {Proceedings of IPAC 2011, San Sebastian, Spain},
	year    = {2011}}

@Book{bansal,
	Author = {Rajeev Bansal},
	Chapter = {2.11},
	Pages = {68},
	Publisher = {CRC Press},
	Title = {Fundamentals of Engineering Electromagnetics},
	Year = {2006}}

@Article{barnes_mki,
	Author = {M.J. Barnes and P. Adraktas and V. Baglin and G. Bregliozzi and F. Caspers and S. Calatroni},
	Journal = {Proceedings of IPAC 2013, Shanghai, China, MOPWA030},
	Title = {Upgrade of the LHC Injection Kicker Magnets},
	Year = {2013}}

@WWW{beamCernOutreach,
	title      = {LHC Machine Outreach},
	year       = {2016},
	url        = {https://lhc-machine-outreach.web.cern.ch/lhc-machine-outreach/beam.htm}}

@Article{BeamScreenDesign,
	Author = {B. Angerth et al.},
	Date-Added = {2017-05-10 00:13:12 +0000},
	Date-Modified = {2017-05-10 00:15:35 +0000},
	Journal = {CERN},
	Title = {The LHC beam screen - specification and design},
	Year = {2001}}

@misc{breakdown,
	Author = {Wikipedia},
	Note = {[Online; accessed 9-May-2017]},
	Title = {Electrical breakdown --- Wikipedia{,} The Free Encyclopedia},
	Url = {https://en.wikipedia.org/w/index.php?title=Electrical_breakdown&oldid=773026083},
	Year = {2017}}

@Webpage{CERN-Website,
	Date-Added = {2017-05-10 00:16:56 +0000},
	Date-Modified = {2017-05-10 00:18:10 +0000},
	Title = {The Large Hadron Collider - CERN homepage},
	Lastchecked = {10/5/17},
	Url = {\url{https://home.cern/topics/large-hadron-collider}}}

@Article{cooper_essc,
	Author = {Douglas W. Cooper and Henry L. Wolfe and James T. C. Yeh and Robert J. Miller},
	Doi = {10.1080/02786829008959428},
	Journal = {Aerosol Science and Technology},
	Number = {1},
	Pages = {116-123},
	Title = {Surface Cleaning by Electrostatic Removal of Particles},
	Volume = {13},
	Year = {1990}}

@InBook{copper,
	author    = {Milan Paunovic},
	title     = {Electroless Deposition of Copper},
	booktitle = {Modern Electroplating, Fifth Edition},
	year      = {2010}}

@Book{dielectricStrengthAir,
	author    = {Rigden, J.S.},
	title     = {Macmillan Encyclopedia of Physics: A-D},
	year      = {1996},
	series    = {MacMillan Encyclopedia of Physics},
	publisher = {Simon \& Schuster Macmillan},
	isbn      = {9780028645865},
	pages     = {353}}

@Book{duffin,
	Author = {William Duffin},
	Publisher = {W. J. Duffin Publishing},
	Title = {Electricity and Magnetism},
	Year = {2001}}

@Book{esseling_dep,
	Author = {Esseling, M.},
	Isbn = {9783319093185},
	Publisher = {Springer International Publishing},
	Series = {Springer Theses},
	Title = {Photorefractive Optoelectronic Tweezers and Their Applications},
	Year = {2014}}

@WWW{FDM,
	author = {Stratsys},
	title  = {Fused Deposition Modeling (FDM) Design Guideline},
	url    = {https://www.stratasysdirect.com/resources/fused-deposition-modeling/}}

@Unpublished{fraunhofer_essc,
	Author = {Fraunhofer Institute for Interfacial Engineering and Biotechnology},
	Date = {2009-09-30},
	Subtitle = {Electrostatic Surface Cleaning},
	Title = {Research News - No. 10},
	Url = {https://www.fraunhofer.de/en/press/research-news/2009/10/electrostatic-surface-cleaning.html},
	Year = {2009}}

@WWW{glue,
	author = {Loctite},
	title  = {Loctite 495},
	year   = {2012}}

@Unpublished{green_dep,
	Author = {Nicolas G Green and Hywel Morgan},
	Journal = {Journal of Physics D: Applied Physics},
	Number = {18},
	Pages = {2626},
	Title = {Dielectrophoretic investigations of sub-micrometre latex spheres},
	Volume = {30},
	Year = {1997}}

@Report{grob_ufo,
	Author = {Laura Grob},
	Date = {2015-12-10},
	Institution = {CERN},
	Subtitle = {Attempt to summarise the current state of knowledge},
	Title = {Macroparticles in Accelerators \& UFOs in the LHC (1st UFO Study Meeting)},
	Type = {Presentation},
	Year = {2015}}

@Article{grobner,
	Author = {Oswald Gr{\"o}bner},
	Date-Added = {2017-05-10 00:34:48 +0000},
	Date-Modified = {2017-05-10 00:34:48 +0000},
	Title = {The LHC Vacuum System}}

@Book{hertz,
	author = {John A. Williams, Rob S. Dwyer-Joyce},
	title  = {Contact Between Solid Surfaces},
	year   = {2001}}

@Article{impact,
	Author = {Shahab Mansoor Baghaei; Ali M. Sadegh},
	Date = {2011-03-24},
	Journal = {International Journal of Solids and Structures},
	Journaltitle = {International Journal of Solids and Structures},
	Title = {Elastic spherical shell impacted with an elastic barrier: A closed form solution},
	Year = {2011}}

@Book{israelachvili,
	Author = {Jacob N. Israelachvili},
	Isbn = {9780123919274},
	Publisher = {Elsevier},
	Title = {Intermolecular and Surface Forces},
	Year = {2011}}

@Book{jackson,
	Author = {John David Jackson},
	Chapter = {4.5},
	Pages = {159},
	Publisher = {John Wiley \& Sons, Inc.},
	Title = {Classical Electrodynamics},
	Year = {1999}}

@Webpage{LeakageCurrent,
	Date-Added = {2017-05-09 23:56:14 +0000},
	Date-Modified = {2017-05-09 23:57:59 +0000},
	Title = {Resistance of hollow metal sphere. Physics Stack Exchange},
	Lastchecked = {1/4/2017},
	Url = {http://physics.stackexchange.com/questions/194025/resistance-of-hollow-metal-sphere}}

@Article{martinez,
	Author = {N. Fuster Martinez and U. Valencia and F. Zimmermann and T. Baer and M. Giovannozzi},
	Journal = {CERN-ATS},
	Title = {Simulation Studies of Macroparticles Falling into the LHC Proton Beam},
	Year = {2011}}

@WWW{matlabPdeElec,
  title      = {Matlab Electrostatics PDE Example},
  year       = {2017},
  url        = {https://uk.mathworks.com/help/pde/ug/electrostatics.html}}

@Electronic{mitCapacitors,
	Author = {MIT},
	Date-Added = {2017-05-10 00:41:19 +0000},
	Date-Modified = {2017-05-10 00:43:56 +0000},
	Title = {Course Notes on Capacitors},
	Urldate = {http://web.mit.edu/8.02t/www/802TEAL3D/visualizations/coursenotes/modules/guide05.pdf}}

@WWW{motor,
	author = {hobbyking},
	year   = {2017},
	url    = {https://hobbyking.com/en_us/turnigy-1220-brushless-inrunner-motor-10300kv.html}}

@Article{nasa_dep,
	Author = {C. I. Calle and J. L. McFall and C. R. Buhler and S. J. Snyder and E. E. Arens and A. Chen and M. L. Ritz and J. S. Clements and C. R. Fortier and S. Trigwell.},
	Journal = {Proceedings of the 2008 ESA Annual Meeting on Electrostatics, Paper O1},
	Title = {Dust Particle Removal by Electrostatic and Dielectrophoretic Forces with Applications to NASA Exploration Missions},
	Year = {2008}}

@Article{nebot_vertical,
	Author = {E. Nebot del Busto and T. Baer and F. Day and B. Dehning and E. B. Holzer and A. Lechner and R. Schmidt and J. Wenninger and C. Zamantzas and M. Zerlauth and F. Zimmermann},
	Journal = {Proceedings of HB 2012, Beijing, China, TUO1C04},
	Title = {Detection of Unidentified Falling Objects in the LHC},
	Year = {2012}}

@Article{Onozuka1996,
	author  = {M. Onozuka and Y. Ueda and K. Takahashi and Y. Seki and S. Ueda and I. Aoki},
	title   = {Dust removal system using static electricity},
	journal = {Vacuum},
	year    = {1996},
	volume  = {47},
	number  = {6-8},
	pages   = {541-544}}

@Article{PaschenAandB,
	Author = {K.T. A. L. Burm},
	Date-Added = {2017-05-10 00:07:30 +0000},
	Date-Modified = {2017-05-10 00:09:12 +0000},
	Journal = {PlasmAIX for Plasma Research Xantenstraat},
	Title = {Calculation of the Townsend Discharge Coefficients and the Paschen Curve Coefficients},
	Year = {2007}}

@misc{paschen,
   author = "Wikipedia",
   title = "Paschen's law --- Wikipedia{,} The Free Encyclopedia",
   year = "2017",
   url = "https://en.wikipedia.org/w/index.php?title=Paschen%27s_law&oldid=768872829",
   note = "[Online; accessed 10-May-2017]"
 }
 
 @misc{Polycarbonate,
   author = "Wikipedia",
   title = "Polycarbonate --- Wikipedia{,} The Free Encyclopedia",
   year = "2017",
   url = "https://en.wikipedia.org/w/index.php?title=Polycarbonate&oldid=778381437",
   note = "[Online; accessed 10-May-2017]"
 }

@webpage{BoundaryConditions,
 	Date-Added = {2017-05-10 00:04:40 +0000},
 	Date-Modified = {2017-05-10 00:05:27 +0000},
 	Keywords = {Reiter, R. (2017). Dirichlet and Neumann Boundary condition: physical example.},
 	Lastchecked = {7/4/17},
 	Url = {http://physics.stackexchange.com/questions/53455/dirichlet-and-neumann-boundary-condition-physical-example}}

@WWW{PEEK,
	author = {Keta-Spire},
	title  = {Short-Term Mechanical Properties},
	url    = {http://www.solvay.com/en/binaries/KetaSpire-PEEK-Design-and-Processing-Guide_EN-227537.pdf}}

@Article{ranade,
	Author = {M. B. Ranade},
	Journal = {Aerosol Science and Technology},
	Pages = {161-176},
	Title = {Adhesion and Removal of Fine Particles on Surfaces},
	Volume = {7:2},
	Year = {1987}}

@Report{RF_ball_report,
	author      = {J. Albertone and S. Bartolome-Jimenez and C. Boccard and T. Bogey and P. Borowiec},
	title       = {Aperture Restriction Localisation in the LHC Arcs Using an RF Mole and the LHC Beam Position Measurement System},
	type        = {Report},
	institution = {CERN},
	year        = {2008},
	date        = {2008-06-27}}

@WWW{RF_Gasior,
 	author = {M Gasior},
	title  = {LHC RF ball project},
	year   = {2013},
	url    = {https://mgasior.web.cern.ch/mgasior/pro/RFball/index.html}}

@Unpublished{RudigerPresentation,
  author        = {R\"{u}diger Schmidt, Ray Veness},
  title         = {The Large Hadron Collider - An acellerators with major challenges for mechanics and materials},
  year          = {2016},
  note          = {Presentation Given at Oxford University - Availiable upon request},
  date-added    = {2017-05-10 00:09:49 +0000},
  date-modified = {2017-05-10 00:12:38 +0000},
}

@Article{russell,
	Author = {Alexander Russell},
	Journal = {Proceedings of the Royal Society of London},
	Title = {The Coefficients of Capacity and the Mutual Attractions or Repulsions of Two Electrified Spherical Conductors when close together},
	Volume = {Series A, Containing Papers of a Mathematical and Physical Character},
	Year = {1909}}

@Article{saeki_essc,
	Author = {H. Saeki and J. Ikeda and I. Kohzu and H. Ishimaru},
	Doi = {10.1116/1.575888},
	Journal = {Journal of Vacuum Science \& Technology A: Vacuum, Surfaces, and Films},
	Number = {3},
	Pages = {2512-2514},
	Title = {New electrostatic dust collector for use in vacuum systems},
	Volume = {7},
	Year = {1989}}

@Phdthesis{ScottRowan,
	Author = {Scott Rowan},
	Date-Added = {2017-05-09 23:54:32 +0000},
	Date-Modified = {2017-05-09 23:55:46 +0000},
	School = {University of Glasgow},
	Title = {LHC Main Dipole Magnet Circuits: Sustaining Near-Nominal Beam Energies},
	Year = {2016}}

@Article{soltani,
	Author = {Mehdi Soltani and Goodarz Ahmadi},
	Journal = {J. Adhesion},
	Pages = {161-175},
	Title = {Particle Removal Mechanisms Under Substrate Acceleration},
	Volume = {44},
	Year = {1994}}

@Article{stupakov,
	Author = {G. V. Stupakov},
	Journal = {LHC Project Report 141},
	Title = {Photoelectrons and Multipacting in the LHC: Electron Cloud Build-up},
	Year = {1997}}

@Webpage{subdomains,
	Date-Added = {2017-05-10 00:06:07 +0000},
	Date-Modified = {2017-05-10 00:06:43 +0000},
	Title = {Uk.mathworks.com. (2017). How can I specify different PDE coefficients for different regions in a 3D geometry using PDE toolbox? - MATLAB Answers - MATLAB Central.},
	Lastchecked = {13/4/17},
	Url = {https://uk.mathworks.com/matlabcentral/answers/225628-how-can-i-specify-different-pde-coefficients-for-different-regions-in-a-3d-geometry-using-pde-toolbox}}

@WWW{thermoPlastic,
	author = {Stratsys},
	title  = {PC (polycarbonate) Production-Grade Thermoplastic For Fortus 3D Production Systems}}

@Article{zimmermann,
	author  = {F. Zimmermann and M. Giovannozzi and A. Xagkoni},
	title   = {Interaction of Macro-Particles with LHC Proton Beam},
	journal = {Proceedings of IPAC 2010, Kyoto, Japan, MOPEC016},
	year    = {2010}}

@Comment{jabref-meta: databaseType:biblatex;}

@webpage{SphericalCap,
 	Date-Added = {2017-05-09 23:58:03 +0000},
 	Date-Modified = {2017-05-09 23:59:08 +0000},
 	Lastchecked = {1/4/17},
 	Month = {Spherical Capacitor. Hyperphysics},
 	Url = {http://hyperphysics.phy-astr.gsu.edu/hbase/electric/capsph.html},
 	Year = {2017}}
